@article{frey2002condor,
  title={{Condor-G: A computation management agent for multi-institutional grids}},
  author={Frey, J. and Tannenbaum, T. and Livny, M. and Foster, I. and Tuecke, S.},
  journal={Cluster Computing},
  volume={5},
  number={3},
  pages={237--246},
  issn={1386-7857},
  year={2002},
  publisher={Springer}
}


@inproceedings{bent2002flexibility,
  title={Flexibility, manageability, and performance in a grid storage appliance},
  author={Bent, John and Venkataramani, Venkateshwaran and LeRoy, Nick and Roy, Alain and Stanley, Joseph and Arpaci-Dusseau, Andrea C and Arpaci-Dusseau, Remzi H and Livny, Miron},
  booktitle={High Performance Distributed Computing, 2002. HPDC-11 2002. Proceedings. 11th IEEE International Symposium on},
  pages={3--12},
  year={2002},
  organization={IEEE}
}

@inproceedings{allcock2005globus,
  title={The Globus striped GridFTP framework and server},
  author={Allcock, William and Bresnahan, John and Kettimuthu, Rajkumar and Link, Michael and Dumitrescu, Catalin and Raicu, Ioan and Foster, Ian},
  booktitle={Proceedings of the 2005 ACM/IEEE conference on Supercomputing},
  pages={54},
  year={2005},
  organization={IEEE Computer Society}
}

@inproceedings{walsh1985overview,
  title={Overview of the Sun network file system},
  author={Walsh, Dan and Lyon, Bob and Sager, Gary and Chang, JM and Goldberg, D and Kleiman, S and Lyon, T and Sandberg, R and Weiss, P},
  booktitle={Proceedings of the Winter Usenix Conference},
  year={1985},
  organization={Dallas, TX}
}

@inproceedings{shoshani2002storage,
  title={Storage resource managers: Middleware components for grid storage},
  author={Shoshani, Arie and Sim, Alex and Gu, Junmin},
  booktitle={NASA Conference Publication},
  pages={209--224},
  year={2002},
  organization={Citeseer}
}

@article{dorigo2005xrootd,
  title={XROOTD-A Highly scalable architecture for data access},
  author={Dorigo, Alvise and Elmer, Peter and Furano, Fabrizio and Hanushevsky, Andrew},
  journal={WSEAS Transactions on Computers},
  volume={1},
  number={4.3},
  year={2005}
}

@inproceedings{attebury2009hadoop,
  title={Hadoop distributed file system for the grid},
  author={Attebury, Garhan and Baranovski, Andrew and Bloom, Ken and Bockelman, Brian and Kcira, Dorian and Letts, James and Levshina, Tanya and Lundestedt, Carl and Martin, Terrence and Maier, Will and others},
  booktitle={Nuclear Science Symposium Conference Record (NSS/MIC), 2009 IEEE},
  pages={1056--1061},
  year={2009},
  organization={IEEE}
}

@article{szeredi2010fuse,
  title={FUSE: Filesystem in userspace},
  author={Szeredi, Miklos and others},
  journal={Accessed on},
  year={2010}
}

@book{white2012hadoop,
  title={Hadoop: the definitive guide},
  author={White, Tom},
  year={2012},
  publisher={O'Reilly}
}



@inproceedings{kosar2004stork,
  title={Stork: Making data placement a first class citizen in the grid},
  author={Kosar, Tevfik and Livny, Miron},
  booktitle={Distributed Computing Systems, 2004. Proceedings. 24th International Conference on},
  pages={342--349},
  year={2004},
  organization={IEEE}
}


